@book{lamport1994latex,
author = {Lamport, Leslie},
title = {LATEX (2nd Ed.): A Document Preparation System: Userâ€™s Guide and Reference Manual},
year = {1994},
isbn = {0201529831},
publisher = {Addison-Wesley Longman Publishing Co., Inc.},
address = {USA}
}
